@misc{ontonotes5-Weischedel2013,
title={OntoNotes Release 5.0},
url={https://catalog.ldc.upenn.edu/LDC2013T19}, DOI={10.35111/XMHB-2B84},
publisher={Linguistic Data Consortium},
author={Weischedel, R. and Palmer, M. and Marcus, M. and Hovy, E. and Pradhan, S. and Ramshaw, L. and Xue, N. and Taylor, A. and Kaufman, J. and Franchini, M. and et al.},
year={2013}
}
