@ARTICLE{kg-Wang2017,
  author={Q. {Wang} and Z. {Mao} and B. {Wang} and L. {Guo}},
  journal={IEEE Transactions on Knowledge and Data Engineering},
  title={Knowledge Graph Embedding: A Survey of Approaches and Applications},
  year={2017},
  volume={29},
  number={12},
  pages={2724-2743},
  doi={10.1109/TKDE.2017.2754499}}
