@misc{computationalgraph-Neubig2017,
      title={DyNet: The Dynamic Neural Network Toolkit}, 
      author={Graham Neubig and Chris Dyer and Yoav Goldberg and Austin Matthews and Waleed Ammar and Antonios Anastasopoulos and Miguel Ballesteros and David Chiang and Daniel Clothiaux and Trevor Cohn and Kevin Duh and Manaal Faruqui and Cynthia Gan and Dan Garrette and Yangfeng Ji and Lingpeng Kong and Adhiguna Kuncoro and Gaurav Kumar and Chaitanya Malaviya and Paul Michel and Yusuke Oda and Matthew Richardson and Naomi Saphra and Swabha Swayamdipta and Pengcheng Yin},
      year={2017},
      eprint={1701.03980},
      archivePrefix={arXiv},
      primaryClass={stat.ML}
}

@incollection{f1-Chen2006,
  title={Combining SVMs with various feature selection strategies},
  author={Chen, Yi-Wei and Lin, Chih-Jen},
  booktitle={Feature extraction},
  pages={315--324},
  year={2006},
  publisher={Springer}
}