@article{ovadia2019can,
  title={Can you trust your model's uncertainty? Evaluating predictive uncertainty under dataset shift},
  author={Ovadia, Yaniv and Fertig, Emily and Ren, Jie and Nado, Zachary and Sculley, David and Nowozin, Sebastian and Dillon, Joshua V and Lakshminarayanan, Balaji and Snoek, Jasper},
  journal={arXiv preprint arXiv:1906.02530},
  year={2019}
}

@article{lakshminarayanan2016simple,
  title={Simple and scalable predictive uncertainty estimation using deep ensembles},
  author={Lakshminarayanan, Balaji and Pritzel, Alexander and Blundell, Charles},
  journal={arXiv preprint arXiv:1612.01474},
  year={2016}
}

@inproceedings{gal2017deep,
  title={Deep bayesian active learning with image data},
  author={Gal, Yarin and Islam, Riashat and Ghahramani, Zoubin},
  booktitle={International Conference on Machine Learning},
  pages={1183--1192},
  year={2017},
  organization={PMLR}
}

@inproceedings{welling2011bayesian,
  title={Bayesian learning via stochastic gradient Langevin dynamics},
  author={Welling, Max and Teh, Yee W},
  booktitle={Proceedings of the 28th international conference on machine learning (ICML-11)},
  pages={681--688},
  year={2011},
  organization={Citeseer}
}

@article{artetxe2019massively,
  title={Massively multilingual sentence embeddings for zero-shot cross-lingual transfer and beyond},
  author={Artetxe, Mikel and Schwenk, Holger},
  journal={Transactions of the Association for Computational Linguistics},
  volume={7},
  pages={597--610},
  year={2019},
  publisher={MIT Press}
}

@inproceedings{an2018deep,
  title={Deep Active Learning for Text Classification},
  author={An, Bang and Wu, Wenjun and Han, Huimin},
  booktitle={Proceedings of the 2nd International Conference on Vision, Image and Signal Processing},
  pages={1--6},
  year={2018}
}

@article{shen2017deep,
  title={Deep active learning for named entity recognition},
  author={Shen, Yanyao and Yun, Hyokun and Lipton, Zachary C and Kronrod, Yakov and Anandkumar, Animashree},
  journal={arXiv preprint arXiv:1707.05928},
  year={2017}
}

@article{lowell2018practical,
  title={Practical obstacles to deploying active learning},
  author={Lowell, David and Lipton, Zachary C and Wallace, Byron C},
  journal={arXiv preprint arXiv:1807.04801},
  year={2018}
}